001  0000004
005  20180822173416.078
008  170107s||||     bl|||||||||||||||||por|u
020    $a97885611911601
040    $aPorto Alegre$bpor
090    $a860.0(673)-31$bK16c
100 1  $aKandjila
245 10 $aChipenda$bsonhos, lutas e liberdade$cKandjila
260    $aBelo Horizonte$bNandyala$c2009
300    $a136 p.
650    $aLiteratura Angolana$xRomance Angolana
650    $aRomance Angolana
650    $aAncestralidade
